<record><leader>00000cas a2200000 a 4500</leader><controlfield tag="001">8699028</controlfield><controlfield tag="008">820818d19591959nyuwr n       0   a0eng d</controlfield><controlfield tag="009">394</controlfield><datafield ind1=" " ind2=" " tag="010"><subfield code="a">sn 88074910 </subfield></datafield><datafield ind1=" " ind2=" " tag="040"><subfield code="a">YQR</subfield><subfield code="b">eng</subfield><subfield code="c">YQR</subfield><subfield code="d">NYS</subfield><subfield code="d">OCL</subfield><subfield code="d">OCLCQ</subfield></datafield><datafield ind1="1" ind2=" " tag="029"><subfield code="a">AU@</subfield><subfield code="b">000025833495</subfield></datafield><datafield ind1=" " ind2=" " tag="042"><subfield code="a">msc</subfield></datafield><datafield ind1="0" ind2="0" tag="245"><subfield code="a">South-east weekly journal and 14th warder.</subfield></datafield><datafield ind1=" " ind2=" " tag="260"><subfield code="a">Rochester, N.Y. :</subfield><subfield code="b">Marion T. Deuel,</subfield><subfield code="c">1959-1959.</subfield></datafield><datafield ind1=" " ind2=" " tag="300"><subfield code="a">v.</subfield></datafield><datafield ind1=" " ind2=" " tag="310"><subfield code="a">Weekly</subfield></datafield><datafield ind1="0" ind2=" " tag="362"><subfield code="a">Vol. 10, no. 11 (Jan. 7, 1959)-v. 10, no. 43 (Aug. 19, 1959).</subfield></datafield><datafield ind1=" " ind2=" " tag="515"><subfield code="a">Continues numbering of 14th warder.</subfield></datafield><datafield ind1=" " ind2="4" tag="651"><subfield code="a">Rochester (N.Y.)</subfield><subfield code="v">Newspapers.</subfield></datafield><datafield ind1=" " ind2=" " tag="752"><subfield code="a">United States</subfield><subfield code="b">New York</subfield><subfield code="c">Monroe</subfield><subfield code="d">Rochester.</subfield></datafield><datafield ind1="0" ind2="0" tag="780"><subfield code="t">14th warder</subfield><subfield code="w">(DLC)sn 88071250</subfield><subfield code="w">(OCoLC)8698925</subfield></datafield><datafield ind1="0" ind2="7" tag="785"><subfield code="t">South side news</subfield><subfield code="w">(DLC)sn 88074227</subfield><subfield code="w">(OCoLC)8698961</subfield></datafield><datafield ind1="0" ind2="7" tag="785"><subfield code="t">South-east weekly journal, 14th warder and South side news</subfield><subfield code="w">(OCoLC)8699377</subfield></datafield></record>